/Users/andreyborzunov/Programming/topography/article/paper/mybibfile.bib